@book{RSPressman,
  author = {Roger S. Pressman},
  title = {{Software Engineering: A Practitioner's Approach}},
  publisher = {McGraw-Hill Science/Engineering/Math},
  year = {2009}
}

@article{Girba2005,
  author = {T. Girba and A. Kuhn and M. Seeberger and S. Ducasse},
  title = {{How Developers Drive Software Evolution}},
  journal = {IEEE 2005 Proceedings of the Eighth International Workshop on Principles of Software Evolution (IWPSE'2005)},
  year = {2005}
}

@article{Girba2007,
  author = {T. Girba and O. Greevy and S. Ducasse},
  title = {{How Developers Develop Features}},
  journal = {11th European Conference on Software Maintenance and Reengineering (CSMR'2007)},
  year = {2007}
}

@article{Posnett,
  author = {{D. Posnett and R. D'Souza and P. Devanbu and V. Filkov}},
  title = {{Dual Ecological Measures of Focus in Software Development}},
  journal = {Proceedings of the 2013 International Conference on Software Engineering (ICSE'2013)},
  year = {2013}
}

@article{DontTouchMyCode,
  author = {N. Nagappan and C. Bird and B. Murphy and H. Gall and P. Devanbu},
  title = {{Don't Touch My Code! Examining the Effects of Ownership on Software Quality}},
  journal = {ESEC/FSE 2011 Proceedings of the 19th ACM SIGSOFT Symposium and the 13th European Conference on Foundations of Software Engineering},
  year = {2011}
}
